
@ARTICLE{Besag;York;Mollie:1991,
    AUTHOR={Besag, J. and York, J. and Molli\'{e}, A.},
    TITLE = {Bayesian Image Restoration, with two Applications in Spatial
             Statistics (with Discussion)},
    JOURNAL = {Annals of the Institute of Statistical Mathematics},
    VOLUME = {43},
    PAGES = {1--59},
    YEAR = 1991
    }

@ARTICLE{Besag;Newell:1991,
    AUTHOR = {Besag, J. and Newell, J.},
    TITLE = {The Detection of Clusters in Rare Diseases},
    JOURNAL = {Journal of the Royal Statistical Society, Series A},
    VOLUME = {154},
    PAGES = {143--155},
    YEAR = 1991
    }

@ARTICLE{Besag;Kooperberg:1995,
    AUTHOR = {Besag, J. and Kooperberg, C.L.},
    TITLE = {On Conditional and Intrinsic Autoregressions},
    JOURNAL = {Biometrika},
    VOLUME = 82,
    PAGES = {733--746},
    YEAR = 1995
    }

@ARTICLE{Best;Cockings;Bennett;Wakefield;Elliot:2001,
    AUTHOR = {Best, Nicola G. and Cockings, Samantha and Bennett, James and Wakefield, Jon and Elliott, Paul},
    TITLE = {Ecological Regression Analysis of Environmental Benzene Exposure and Childhood Leukaemia:
             Sensitivity to Data Inaccuracies, Geographical Scale and Ecological Bias},
    JOURNAL = {Journal of the Royal Statistical Society, Series A},
    VOLUME = {164},
    PAGES = {155--174},
    YEAR = 2001
    }

@ARTICLE{Brooks;Gelman:1998,
    AUTHOR = {Brooks, Stephen B. and Gelman, Andrew},
    TITLE = {General Methods for Monitoring Convergence of Iterative Simulations},
    JOURNAL = {Journal of Computational and Graphical Statistics},
    VOLUME = 7,
    PAGES = {434--455},
    YEAR = 1998
    }

@ARTICLE{Best;Ickstadt;Wolpert:2000,
    AUTHOR = {Best, N. G. and Ickstadt, K. and Wolpert, R. L.},
    TITLE = {Spatial Poisson Regression for Health and Exposure Data Measured at Disparate Resolutions},
    JOURNAL = {Journal of the American Statistical Association},
    VOLUME = {95},
    PAGES = {1076--1088},
    YEAR = 2000
    }

@ARTICLE{Casella;George:1992,
    AUTHOR = {Casella, G. and George, E.},
    YEAR = 1992,
    TITLE = {Explaining the {G}ibbs {S}ampler},
    JOURNAL = {American Statistician},
    VOLUME = 46,
    PAGES = {167--174}
    }

@ARTICLE{Clayton;Kaldor:1987,
    AUTHOR = {Clayton, David and Kaldor, John},
    TITLE = {Empirical Bayes Estimates of Age-standardized Relative Risks for Use in Disease Mapping},
    JOURNAL = {Biometrics},
    VOLUME = 43,
    PAGES = {671--681},
    YEAR = 1987
    }

@ARTICLE{Dickinson;Hammal;Dummer;Parker;Bithell:2003,
    AUTHOR ={Dickinson, H.O. and Hammal, D.M. and Dummer, T.J.B. and Parker, L. and Bithell, J.F.},
    TITLE = {Childhood Leukaemia and Non-{H}odgkin's Lymphoma in Relation to Proximity to Railways},
    JOURNAL = {British Journal of Cancer},
    VOLUME = 88,
    PAGES = {695--698},
    YEAR = 2003
    }

@ARTICLE{Fernandez;Green:2002,
    AUTHOR = {Fern\'{a}ndez, C. and Green, P. J.},
    TITLE = {Modelling Spatial Correlated Data via Mixtures: A {B}ayesian Approach},
    JOURNAL = {Journal of the Royal Statistical Society, Series B},
    VOLUME = {64},
    PAGES = {805--826},
    YEAR = 2002
    }

@ARTICLE{Gardner:1973,
    AUTHOR = {Gardner, M. J.},
    YEAR = {1973},
    TITLE = {Using the Environment to Explain and Predict Mortality},
    JOURNAL = {Journal of the Royal Statistical Society, Series A},
    VOLUME = {136},
    PAGES = {421--440}
    }

@ARTICLE{Geman;Geman:1984,
    AUTHOR = {Geman, S. and Geman, D.},
    TITLE = {Stochastic Relaxation, Gibbs Distributions and the Bayesian Restoration of Images},
    YEAR = 1984,
    JOURNAL = {IEEE Transactions on Pattern Analysis and Machine Intelligence},
    VOLUME = 6,
    PAGES = {721--741},
    }

@ARTICLE{Gelfand;Smith:1990,
    AUTHOR = {Gelfand, A. E. and Smith, A. F. M.},
    YEAR = 1990,
    TITLE = {Sampling-based Approaches to Calculating Marginal Densities},
    JOURNAL = {Journal of the American Statistical Association},
    VOLUME = 85,
    PAGES = {398--409},
    }

 @ARTICLE{Gelman:2004,
    AUTHOR = {Gelman, A.},
    YEAR = 2004,
    TITLE = {Exploratory Data Analysis for Complex Models (with Discussion)},
    JOURNAL = {Journal of Computational and Graphical Statistics},
    VOLUME = {13},
    NUMBER = {4},
    PAGES = {755--779}
    }

@ARTICLE{rossini04,
  author       = {Rossini,~A.~J. and Heiberger,~R.~M. and Sparapani,~R.~A. and M{\"a}chler,~M. and Hornik,~K.},
  title        = {Emacs Speaks Statistics:
                    A Multiplatform, Multipackage Development Environment for Statistical Analysis},
  journal      = {Journal of Computational and Graphical Statistics},
  year         = 2004,
  volume       = "13",
  number       = "1",
  pages        = "247--261"
}


@MANUAL{stallmann99,
 AUTHOR =       "Stallmann,~R.~M.",
 YEAR =         "1999",
 TITLE =        {The Emacs Editor},
 PUBLISHER =    "Free Software Foundation",
 ADDRESS =      "Boston",
 URL =          "http://www.gnu.org/",
 NOTE =         "Version 20.7"
}



@ARTICLE{Gelman;Rubin:1992,
    AUTHOR = {Gelman, Andrew and Rubin, D.},
    YEAR = 1992,
    TITLE = {Inference from Iterative Simulation Using Multiple Sequences},
    JOURNAL = {Statistical Science},
    VOLUME = 7,
    PAGES = {457--511}
    }

@ARTICLE{Goldman;Brender:2000,
    AUTHOR = {Goldman, Daniel A. and Brender, Jean D.},
    TITLE = {Are Standardized Mortality Ratios Valid for Public Health Data Analysis?},
    JOURNAL = {Statistics in Medicine},
    VOLUME = {19},
    PAGES = {1081--1088},
    YEAR = 2000
    }

@ARTICLE{Green:1995,
    AUTHOR = {Green, P. J.},
    TITLE = {Reversible Jump {M}arkov Chain {M}onte {C}arlo Computation and {B}ayesian Model Determination},
    JOURNAL = {Biometrika},
    VOLUME = {82},
    PAGES = {711--732},
    YEAR = 1995
    }

@ARTICLE{Green;Richardson:2002,
    AUTHOR= {Green, P. J. and Richardson, S.},
    TITLE = {Hidden {M}arkov Models and Disease Mapping},
    JOURNAL = {Journal of the American Statistical Association},
    VOLUME = {97},
    PAGES = {1055--1070},
    YEAR = 2002
    }

@ARTICLE{KnorrHeld;Becker:2000,
    AUTHOR = {Knorr-Held, Leonhard and Becker, Nikolaus},
    TITLE = {Bayesian Modelling of Spatial Heterogeneity in Disease Maps with
             Application to {G}erman Cancer Mortality Data},
    JOURNAL = {Allgemeines Statistisches Archiv},
    VOLUME = {84},
    PAGES = {121--140},
    YEAR = 2000
    }

@ARTICLE{KnorrHeld;Besag:1998,
    AUTHOR = {Knorr-Held, Leonhard and Besag, Julian},
    TITLE = {Modelling Risk from a Disease in Time and Space},
    JOURNAl = {Statistics in Medicine},
    VOLUME = {17},
    PAGES = {2045--2060},
    YEAR = 1998
    }

@ARTICLE{Knorr-Held;Rasser:2000,
    AUTHOR = {Knorr-Held, L. and Ra{\ss}er, G.},
    TITLE = {Bayesian Detection of Clusters and Discontinuities in Disease Maps},
    JOURNAL = {Biometrics},
    VOLUME = {56},
    PAGES = {13--21},
    YEAR = {2000}
    }

@ARTICLE{Metropolis;Rosenbluth;Rosenbluth;Teller;Teller:1953,
    AUTHOR ={Metropolis, N. and Rosenbluth, A.W. and Rosenbluth, M.N. and Teller, H. and Teller, E.},
    TITLE = {Equation of State Calculations by Fast Computing Machines},
    JOURNAL= {Journal of Chemical Physics},
    VOLUME = {21},
    PAGES = {1087--1092},
    YEAR = 1953
    }

@ARTICLE{Mollie;Richardson:1991,
    AUTHOR = {Molli\'{e}, Annie and Richardson, Sylvia},
    TITLE = {Empirical {B}ayes Estimates of Cancer Mortality Rates Using Spatial Models},
    JOURNAL = {Statistics in Medicine},
    VOLUME = {10},
    PAGES = {95--112},
    YEAR = {1991}
    }

@ARTICLE{Mungiole;Pickle;Hansen:1999,
    AUTHOR = {Mungiole, Michael and Pickle, Linda W. and Hansen Simonson, Katherine},
    TITLE = {Application of a Weighted Head-banging Algorithm to Mortality Data Maps},
    JOURNAL = {Statistics in Medicine},
    VOLUME = 18,
    PAGES = {3201--3209},
    YEAR = 1999
    }

@ARTICLE{Rubin:1981,
    AUTHOR = {Rubin, Donald B.},
    TITLE = {Estimation in Parallel Randomized Experiments},
    JOURNAL = {Journal of Educational Statistics},
    VOLUME = 6,
    PAGES = {377--400},
    YEAR = 1981
    }

@ARTICLE{Pickle;Mungiole;Jones;White:1999,
    AUTHOR = {Pickle, Linda W. and Mungiole, Michael and Jones, Gretchen K. and White, Andrew A.},
    TITLE = {Exploring Spatial Patterns of Mortality: {T}he new {A}tlas of {U}nited {S}tates {M}ortality},
    JOURNAL = {Statistics in Medicine},
    VOLUME = 18,
    YEAR = 1999,
    PAGES = {3211--3220}
    }

@ARTICLE{Pocock;Cook;Shaper:1982,
    AUTHOR = {Pocock, S. J. and Cook, D. G. and Shaper, A. G.},
    TITLE = {Analysing Geographic Variation in Cardiovascular Mortality: {M}ethods and Results (with Discussion)},
    JOURNAL = {Journal of the Royal Statistical Society, Series A},
    VOLUME = {145},
    PAGES = {313--341},
    YEAR = 1982
    }

@ARTICLE{Spiegelhalter;Best;Carlin;vdLinde:2002,
    AUTHOR = {Spiegelhalter, D. J. and Best, N. G. and Carlin, B. P. and van der Linde, A.},
    TITLE = {{Bayesian Measures of Complexity and Fit}},
    JOURNAL = {Journal of the Royal Statistical Society, SeriesB},
    VOLUME = {64},
    PAGES = {583--639},
    YEAR = 2002
    }

@ARTICLE{Tsutakawa;Shoop;Marienfeld:1985,
    AUTHOR = {Tsutakawa, R. K. and Shoop, G. L. and Marienfeld, C. J.},
    TITLE = {Empirical {B}ayes Estimation of Cancer Mortality Rates},
    JOURNAL = {Statistics in Medicine},
    VOLUME = 4,
    PAGES = {201--212},
    YEAR = 1985
    }

@ARTICLE{Monica,
    AUTHOR = {{WHO MONICA project}},
    TITLE = {Ecological Analysis of the Association Between Mortality and Major Risk Factors of
            Cardiovascular Disease},
    JOURNAL = {Journal of International Epidemiology},
    VOLUME = 23,
    PAGES = {505--516},
    YEAR = 1994
    }

@ARTICLE{Monica:1988,
    AUTHOR = {{WHO MONICA project}},
    TITLE = {The World Health Orginization MONICA Project (Monitoring Trends and Determinantsin Cardiovascular disease):
            A Major International Collaboration},
    JOURNAL = {Journal of Clinical Epidemiology},
    VOLUME = 41,
    PAGES = {105--114},
    YEAR = 1988
    }

@BOOK{Becker:1984d,
    AUTHOR = {Becker, N. and Frentzel-Beyme, R. and Wagner, G.},
    TITLE = {Krebsatlas der Bundesrepublik Deutschland},
    EDITION = {2},
    PUBLISHER ={Springer},
    ADDRESS = {Berlin},
    YEAR = 1984
    }

@BOOK{Becker:1984e,
    AUTHOR = {Becker, N. and Frentzel-Beyme, R. and Wagner, G.},
    TITLE = {Atlas of Cancer Mortality in the Federal Republic of Germany},
    EDITION = {2},
    PUBLISHER ={Springer},
    ADDRESS = {Berlin},
    YEAR = 1984
    }

@BOOK{becker:1984r,
 AUTHOR =       "Becker,~R.~A. and Chambers,~J.~M.",
 TITLE =        {\proglang{S}. An Interactive Environment for Data Analysis and Graphics},
 PUBLISHER =    "Wadsworth and Brooks/Cole",
 address =      "Monterey",
 YEAR =         "1984"
}

@BOOK{becker:1988r,
 AUTHOR =       "Becker,~R.~A. and Chambers,~J.~M. and Wilks,~A.~R.",
 TITLE =        {{The NEW} \proglang{S} {Language --- A Programming Environment for Data Analysis and Graphics}},
 PUBLISHER =    "Chapman \& Hall",
 address =      "New York",
 YEAR =         "1988"
}

@BOOK{chambers:1992,
 AUTHOR =       "Chambers,~J.~M. and Hastie,~T.~J.",
 YEAR =         "1992",
 TITLE =        {Statistical Models in \proglang{S}},
 ADDRESS =      "New York",
 PUBLISHER =    "Chapman \& Hall"
}
@BOOK{chambers:1998,
 AUTHOR =       "Chambers,~J.~M.",
 YEAR =         "1998",
 TITLE =        {Programming with Data. A Guide to the \proglang{S} {Language}},
 ADDRESS =      "New York",
 PUBLISHER =    {Springer-Verlag}
}

@BOOK{Cressie:1993,
    AUTHOR = {Cressie, N. A. C.},
    TITLE = {Statistics for Spatial Data},
    PUBLISHER = {Wiley},
    ADDRESS = {New York},
    YEAR = 1993
    }

@BOOK{Gamerman:1997,
    AUTHOR = {Gamerman, D.},
    TITLE = {{M}arkov {C}hain {M}onte {C}arlo. {S}tochastic Simulation for {B}ayesian inference},
    PUBLISHER = {Chapman \& Hall},
    ADDRESS = {London},
    YEAR = 1997
    }

@BOOK{Gelman:2003,
    AUTHOR = {Gelman, A. and Carlin, J.B. and Stern, H.S. and Rubin, D.B.},
    YEAR = "2003",
    TITLE = {Bayesian Data Analysis},
    EDITION = "2",
    PUBLISHER = {{CRC Press}},
    ADDRESS = "Boca Raton"
    }

@BOOK{Gilks;Richardson;Spiegelhalter:1996,
    AUTHOR = {Gilks,W.R. and Richardson, S. and Spiegelhalter, D.J.},
    TITLE = {{M}arkov {C}hain {M}onte {C}arlo in {P}ractice},
    PUBLISHER = {Chapman \& Hall},
    ADDRESS = {London},
    YEAR = 1996
    }

@BOOK{ICD,
    EDITOR = {DIMDI},
    TITLE = {Internationale Klassifikation der Krankheiten (ICD). 9. Revision},
    EDITION = {2},
    PUBLISHER = {Kohlhammer},
    ADDRESS = {K\"{o}ln},
    YEAR = 1993
    }

@BOOK{West;Harrison:1989,
    AUTHOR = {West, M. and Harrison, J.},
    TITLE = {Bayesian Forecasting and Dynamic Models},
    PUBLISHER = {Springer},
    ADDRESS = {New York},
    YEAR = 1989
    }

@BOOKLET{Spiegelhalter;Thomas;Best:1999,
    AUTHOR = {Spiegelhalter, D. J. and Thomas, A. and Best, N. G.},
    TITLE = {\proglang{WinBUGS} Version 1.2 Users Manual},
    YEAR = 1999,
    ADDRESS = {Cambridge},
    HOWPUBLISHED = {MRC Biostatistics Unit},
    URL = {http://www.mrc-bsu.cam.ac.uk/bugs/}
    }

@BOOKLET{Spiegelhalter;Thomas;Best:2003,
    AUTHOR = {Spiegelhalter, D. J. and Thomas, A. and Best, N. G. and Lunn, D.},
    TITLE = {\proglang{WinBUGS} Version 1.4 Users Manual},
    YEAR = 2003,
    ADDRESS = {Cambridge},
    HOWPUBLISHED = {MRC Biostatistics Unit},
    URL = {http://www.mrc-bsu.cam.ac.uk/bugs/}
    }

@BOOKLET{Spiegelhalter;Thomas;Best;Lunn:2004,
    AUTHOR = {Spiegelhalter, D. J. and Thomas, A. and Best, N. G. and Lunn, D.},
    TITLE = {\proglang{WinBUGS} Version 2.0 Users Manual},
    YEAR = 2004,
    ADDRESS = {Cambridge},
    HOWPUBLISHED = {MRC Biostatistics Unit},
    URL = {http://mathstat.helsinki.fi/openbugs/}
    }

@INCOLLECTION{Mollie:1996,
    AUTHOR = {Annie Molli\'{e}},
    TITLE = {Bayesian Mapping of Disease},
    BOOKTITLE = {Markov Chain Monte Carlo in Pratice},
    EDITOR = {Gilks, W. R. and Richardson, S. and Spiegelhalter, D. J.},
    PUBLISHER = {Chapman \& Hall},
    ADDRESS = {London},
    PAGES = {359--380},
    YEAR = 1996}

@INCOLLECTION{Morris;Wakefield:2000,
    AUTHOR = {Morris, S. E. and Wakefield, J. C.},
    TITLE = {Assessment of Disease Risk in Relation to a Pre-specified Source},
    BOOKTITLE = {Spatial Epidemiology: Methods and Applications},
    YEAR = 2000,
    PUBLISHER = {Oxford University Press},
    ADDRESS = {Oxford},
    EDITOR = {Elliot, P. and Wakefield, J. C. and Best, N. G. and Briggs, D.J.},
    PAGES = {153--184}
    }

@INCOLLECTION{Wakefield;Best;Waller:2000,
    AUTHOR = {Wakefield, J. C. and Best, N. G. and Waller, L.},
    TITLE = {Bayesian Approaches to Disease Mapping},
    BOOKTITLE = {Spatial Epidemiology: Methods and Applications},
    YEAR = "2000",
    PUBLISHER = {Oxford University Press},
    ADDRESS = {Oxford},
    EDITOR = {Elliot, P. and Wakefield, J. C. and Best, N. G. and Briggs, D.J.},
    PAGES = {104--127}
    }

@INPROCEEDINGS{Plummer:2003,
    AUTHOR =    {Plummer, M.},
    title =     {\proglang{JAGS}: A Program for Analysis of Bayesian Graphical Models Using Gibbs Sampling},
    YEAR =      "2003",
    editor     = {Hornik,~K. and Leisch,~F. and Zeileis,~A.},
    booktitle  = {{Proceedings of the 3rd International Workshop on Distributed Statistical Computing, March 20--22}},
    organization =  {{Technische Universit\"at Wien}},
    ADDRESS =      "Vienna",
    ISSN       =   {1609-395X},
    URL =          {http://www.ci.tuwien.ac.at/Conferences/DSC-2003/Proceedings/}
}

@MANUAL{Plummer;Best;Cowles;Vines:2004,
    title = {\pkg{coda}: Output Analysis and Diagnostics for MCMC},
    author = {Martyn Plummer and Nicky G. Best and Kate Cowles and Karen Vines},
    year = {2004},
    note = {\proglang{R} package version 0.9-1},
    url = {http://www-fis.iarc.fr/coda/},
  }

@Manual{Smith:2004,
    title = {\pkg{boa}: {Bayesian Output Analysis Program (BOA) for MCMC}},
    author = {Brian J. Smith},
    year = {2004},
    note = {\proglang{R} package version 1.1.2-1},
    url = {http://www.public-health.uiowa.edu/boa},
}

@MANUAL{RCore:2004,
    title        = {\proglang{R}: {A Language and Environment for Statistical Computing}},
    author       = {\proglang{R} {Development Core Team}},
    organization = {\proglang{R} Foundation for Statistical Computing},
    address      = {Vienna, Austria},
    year         = 2004,
    note         = {ISBN 3-900051-07-0},
    url          = {http://www.R-project.org}
}

@MASTERSTHESIS{Sturtz:2002e,
    AUTHOR = {Sturtz, S.},
    TITLE = {Raum-Zeitliche Untersuchung der Herz-Kreislauf-Mortalit\"at in Nordrhein-Westfalen},
    SCHOOL = {Department of Statistics, University of Dortmund},
    YEAR = 2002
    }

@TECHREPORT{Buckingham;Clewley;Hutchinson;Sadler;Shah:1997,
    AUTHOR = {Buckingham, C. and Clewley, L. and Hutchinson, D. and Sadler, L. and Shah, S.},
    TITLE = {{London Atmospheric Emissions Inventory}},
    INSTITUTION = {London Research Centre},
    YEAR = 1997,
    ADDRESS = "London"
}
